@manual{beautiful_soup_documentation,
  author = {Richardson, Leonard},
  year = {2004--2025},
  title = {Beautiful Soup Documentation},
  url = {https://www.crummy.com/software/BeautifulSoup/bs4/doc/#installing-a-parser},
  note = {Retrieved April 27, 2025}
}
